<record><leader>00000cas a22000007a 4500</leader><controlfield tag="001">22787281</controlfield><controlfield tag="008">901206u193uuuuumnumn ne      0    0eng d</controlfield><datafield ind1=" " ind2=" " tag="010"><subfield code="a">sn 90060736 </subfield></datafield><datafield ind1=" " ind2=" " tag="040"><subfield code="a">MN#</subfield><subfield code="b">eng</subfield><subfield code="c">MN#</subfield><subfield code="d">OCLCQ</subfield><subfield code="d">OCLCF</subfield><subfield code="d">OCLCO</subfield></datafield><datafield ind1=" " ind2=" " tag="042"><subfield code="a">msc</subfield></datafield><datafield ind1=" " ind2=" " tag="043"><subfield code="a">n-us-mn</subfield></datafield><datafield ind1=" " ind2=" " tag="052"><subfield code="a">4144</subfield><subfield code="b">C8</subfield></datafield><datafield ind1=" " ind2=" " tag="052"><subfield code="a">4143</subfield><subfield code="b">P6</subfield></datafield><datafield ind1="0" ind2="4" tag="245"><subfield code="a">The pepster.</subfield></datafield><datafield ind1=" " ind2=" " tag="260"><subfield code="a">Crookston, Minn. :</subfield><subfield code="b">Crookston Times Print Co.</subfield></datafield><datafield ind1=" " ind2=" " tag="300"><subfield code="a">v.</subfield></datafield><datafield ind1=" " ind2=" " tag="310"><subfield code="a">Every three weeks (during school year),</subfield><subfield code="b">Sept. 17, 1971-&lt;Dec. 17, 1971&gt;</subfield></datafield><datafield ind1=" " ind2=" " tag="321"><subfield code="a">Biweekly (during school year),</subfield><subfield code="b">&lt;Jan. 31, 1940&gt;-May 17, 1968</subfield></datafield><datafield ind1=" " ind2=" " tag="321"><subfield code="a">Semimonthly (during school year),</subfield><subfield code="b">Sept. 27, 1968-Jan. 26, 1971</subfield></datafield><datafield ind1=" " ind2=" " tag="321"><subfield code="a">Monthly (during school year),</subfield><subfield code="b">Feb. 26, 1971-&lt;Mar. 31, 1971&gt;</subfield></datafield><datafield ind1=" " ind2=" " tag="530"><subfield code="a">Available on microfilm from the Minnesota Historical Society.</subfield></datafield><datafield ind1=" " ind2=" " tag="588"><subfield code="a">Description based on: Vol. 7, no. 8 (Jan. 31, 1940).</subfield></datafield><datafield ind1="2" ind2="0" tag="610"><subfield code="a">Central High School (Crookston, Minn.)</subfield><subfield code="v">Periodicals.</subfield></datafield><datafield ind1=" " ind2="0" tag="650"><subfield code="a">High schools</subfield><subfield code="z">Minnesota</subfield><subfield code="z">Crookston</subfield><subfield code="v">Periodicals.</subfield></datafield><datafield ind1=" " ind2="0" tag="650"><subfield code="a">Schools</subfield><subfield code="z">Minnesota</subfield><subfield code="z">Crookston</subfield><subfield code="v">Periodicals.</subfield></datafield><datafield ind1=" " ind2="7" tag="655"><subfield code="a">Periodicals.</subfield><subfield code="2">fast</subfield><subfield code="0">(OCoLC)fst01411641</subfield></datafield><datafield ind1="2" ind2="7" tag="610"><subfield code="a">Central High School (Crookston, Minn.)</subfield><subfield code="2">fast</subfield><subfield code="0">(OCoLC)fst00676180</subfield></datafield><datafield ind1=" " ind2="7" tag="650"><subfield code="a">High schools.</subfield><subfield code="2">fast</subfield><subfield code="0">(OCoLC)fst00956288</subfield></datafield><datafield ind1=" " ind2="7" tag="650"><subfield code="a">Schools.</subfield><subfield code="2">fast</subfield><subfield code="0">(OCoLC)fst01107958</subfield></datafield><datafield ind1=" " ind2="7" tag="651"><subfield code="a">Minnesota</subfield><subfield code="z">Crookston.</subfield><subfield code="2">fast</subfield><subfield code="0">(OCoLC)fst01212095</subfield></datafield></record>